<?xml version="1.0" encoding="UTF-8"?><record xmlns="http://www.loc.gov/MARC21/slim" xmlns:cinclude="http://apache.org/cocoon/include/1.0" xmlns:zs="http://www.loc.gov/zing/srw/">
  <leader>00457cz  a2200121n  4500</leader>
  <controlfield tag="001">n 2005071920</controlfield>
  <controlfield tag="003">DLC</controlfield>
  <controlfield tag="005">20050926091930.0</controlfield>
  <controlfield tag="008">050926n| acannaabn          |n aaa      </controlfield>
  <datafield tag="010" ind1=" " ind2=" ">
    <subfield code="a">n 2005071920</subfield>
  </datafield>
  <datafield tag="040" ind1=" " ind2=" ">
    <subfield code="a">DLC</subfield>
    <subfield code="b">eng</subfield>
    <subfield code="c">DLC</subfield>
  </datafield>
  <datafield tag="100" ind1="1" ind2=" ">
    <subfield code="a">Byvanck, Anthony</subfield>
  </datafield>
  <datafield tag="670" ind1=" " ind2=" ">
    <subfield code="a">Library of Congress Manuscript Division for the Papers of John Fisher, 1777-1802</subfield>
    <subfield code="b">(Anthony Byvanck; correspondent; supply requests to Fisher from storekeepers and officers of the Quartermaster Corps)</subfield>
  </datafield>
</record>